@BOOK{ClusterAnalysis,
    title = {Custer Analysis},
    publisher = {WILEY},
	address = {Berlin, Germany},
    year = {2011},
    author = {Everitt S., Brian and Landau, Sabine and Leese, Morven and Stahl Daniel},
}

@BOOK{Michalski:2013,
    title={Machine learning: An artificial intelligence approach},
    author={Michalski, {Ryszard S} and Carbonell, {Jaime G} and Mitchell, {Tom M}},
    year={2013},
    publisher={Springer Science \& Business Media}
}

@ARTICLE{Survey:2007,
    title={A survey of clustering with instance level},
    author={Davidson, Ian and Basu, Sugato},
    journal={Constraints},
    volume={1},
    year={2007}
}

@ARTICLE{Cohn:2003,
    title={Semi- supervised clustering with user feedback},
    author={Cohn, David and Caruana, Rich and McCallum, Andrew},
    journal={Constrained Clustering: Advances in Algorithms, Theory, and Applications},
    volume={4},
    number={1},
    pages={17-- 32},
    year={2003}
}

@INPROCEEDINGS{DavidsonRavi:2007,
    title={Hierarchical clustering with constraints: Theory and practice},
    author={Davidson, Ian and Ravi, SS},
    journal={Data mining and knowledge discovery},
    volume={14},
    number={1},
    pages={25 - 61},
    year={2007 },
    publisher={Springer }
}

@ARTICLE{Demiriz:1999,
    title={Semi- supervised clustering using genetic algorithms},
    author={Demiriz, Ayhan and Bennett, {Kristin P} and Embrechts, {Mark J}},
    journal={Artificial neural networks in engineering (ANNIE-99)},
    pages={809--814},
    year={1999},
    publisher={ASME Press}
}

@INPROCEEDINGS{DavidsonRavi:2005a,
    title={Clustering with constraints: Feasibility issues and the k-means algorithm},
    author={Davidson, Ian and Ravi, SS},
    booktitle={Proceedings of the 2005 SIAM international conference on data mining},
    pages={138--149},
    year={2005},
    organization={SIAM}
}

@INPROCEEDINGS{DavidsonRavi:2005b,
    title={Agglomerative hierarchical clustering with constraints: Theoretical and empirical results},
    author={Davidson, Ian and Ravi, SS},
    booktitle={European Conference on Principles of Data Mining and Knowledge Discovery},
    pages={59--70},
    year={2005},
    organization={Springer}
}

@INPROCEEDINGS{DavidsonRavi:2006,
    title={Identifying and generating easy sets of constraints for clustering},
    author={Davidson, Ian and Ravi, SS},
    booktitle={AAAI},
    volume={6},
    pages={336341},
    year={2006}
}

@BOOK{DavidsonRaviWagstaff:2006,
    author={Davidson, Ian and Ravi, SS and Wagstaff, Kiri},
    booktitle={Proceedings of the Tenth European Principles and Practice of KDD (PKDD).},
    year={2006},
}

@BOOK{SinkkonenKaski:2000,
    title={Semisupervised clustering based on conditional distributions in an auxiliary space},
    author={Sinkkonen, Janne and Kaski, Samuel},
    year={2000},
    publisher={Helsinki University of Technology}
}

@INPROCEEDINGS{Wagstaff:2001b,
    title={Constrained k-means clustering with background knowledge},
    author={Wagstaff, Kiri and Cardie, Claire and Rogers, Seth and Schr{\"o}dl, Stefan and others},
    booktitle={Proceedings of the Eighteenth International Conference on Machine Learning},
    pages={577--584},
    year={2001}
}

@ARTICLE{Wagstaff:2002,
    title={Intelligent clustering with instance-level constraints},
    author={Wagstaff, Kiri Lou and Cardie, Claire},
    year={2002},
    publisher={Cornell University USA}
}

@BOOK{WagstaffCardie:2000,
    title={Clustering with Instance-level Constraints},
    author={Wagstaff, Kiri and Cardie, Claire},
    booktitle={Proceedings of the Seventeenth International Conference on Machine Learning},
    pages={1103--1110},
    year={2000}
}

@INPROCEEDINGS{Basu:2002,
    title={Semi- supervised clustering by seeding},
    author={Basu, Sugato and Banerjee, Arindam and Mooney, Raymond},
    booktitle={In Proceedings of 19th International Conference on Machine Learning (ICML-2002},
    year={2002},
    organization={Citeseer}
}

@INPROCEEDINGS{Basu:2004,
    title={Active semi-supervision for pairwise constrained clustering},
    author={Basu, Sugato and Banerjee, Arindam and Mooney, {Raymond J}},
    booktitle={Proceedings of the 2004 SIAM international conference on data mining},
    year={2004},
    organization={SIAM}
}

@ARTICLE{Seagal:2003,
    title={Discovering molecular pathways from protein interaction and gene expression data},
    author={Segal, Eran and Wang, Haidong and Koller, Daphne},
    journal={Bioinformatics},
    volume={19},
    number={suppl\_1},
    pages={i264--i272},
    year={2003},
    publisher={Oxford University Press}
}

@INPROCEEDINGS{Law:2005,
    title={Model-based clustering with probabilistic constraints},
    author={Law, {Martin HC} and Topchy, Alexander and Jain, {Anil K}},
    booktitle={Proceedings of the 2005 SIAM international conference on data mining},
    pages={641--645},
    year={2005},
    organization={SIAM}
}

@ARTICLE{Yan:2006,
    title={A discriminative learning framework with pairwise constraints for video object classification},
    author={Yan, Rong and Zhang, Jian and Yang, Jie and Hauptmann, {Alexander G}},
    journal={IEEE transactions on pattern analysis and machine intelligence},
    volume={28},
    number={4},
    pages={578--593},
    year={2006},
    publisher={IEEE}
}

@ARTICLE{Xenarios:2001,
    title={DIP: the database of interacting proteins: 2001 update},
    author={Xenarios, Ioannis and Fernandez, Esteban and Salwinski, Lukasz and Duan, Xiaoqun Joyce and Thompson, {Michael J} and Marcotte, {Edward M} and Eisenberg, David},
    journal={Nucleic acids research},
    volume={29},
    number={1},
    pages={239--241},
    year={2001},
    publisher={Oxford University Press}
}

@INPROCEEDINGS{BarHillel:2003,
    title={Learning distance functions using equivalence relations},
    author={Bar-Hillel, Aharon and Hertz, Tomer and Shental, Noam and Weinshall, Daphna},
    booktitle={Proceedings of the 20th International Conference on Machine Learning (ICML-03)},
    pages={11--18},
    year={2003}
}

@ARTICLE{Rand:1971,
    title={Objective criteria for the evaluation of clustering methods},
    author={Rand, {William M}},
    journal={Journal of the American Statistical association},
    volume={66},
    number={336},
    pages={846--850},
    year={1971},
    publisher={Taylor \& Francis Group}
}

@ARTICLE{CECM:2012,
  title={CECM: Constrained evidential C-means algorithm},
  author={Antoine, Violaine and Quost, Benjamin and Masson, M-H and Denoeux, Thierry},
  journal={Computational Statistics \& Data Analysis},
  volume={56},
  number={4},
  pages={894--914},
  year={2012},
  publisher={Elsevier}
}

@BOOK{LCVQE:2007,
    title={K-means with large and noisy constraint sets},
    author={Pelleg, Dan and Baras, Dorit},
    booktitle={European Conference on Machine Learning},
    pages={674--682},
    year={2007},
    organization={Springer}
}

@INPROCEEDINGS{KMEANS:1967,
    title={Some methods for classification and analysis of multivariate observations},
    author={MacQueen, James and others},
    booktitle={Proceedings of the fifth Berkeley symposium on mathematical statistics and probability},
    volume={1},
    number={14},
    pages={281--297},
    year={1967},
    organization={Oakland, CA, USA}
}

@ARTICLE{RDPM:2015,
    title={Clustering With Side Information: From a Probabilistic Model to a Deterministic Algorithm},
    author={Khashabi, Daniel and Wieting, John and Liu, Jeffrey Yufei and Liang, Feng},
    journal={arXiv preprint arXiv:1508.06235},
    year={2015}
}

@ARTICLE{DPM:2012,
    title={Small-variance asymptotics for exponential family Dirichlet process mixture models},
    author={Jiang, Ke and Kulis, Brian and Jordan, {Michael I}},
    booktitle={Advances in Neural Information Processing Systems},
    pages={3158--3166},
    year={2012}
}

@ARTICLE{Blackwell:1973,
    title={Ferguson distributions via P{\'o}lya urn schemes},
    author={Blackwell, David and MacQueen, {James B}},
    journal={The annals of statistics},
    pages={ 353 - 355},
    year={1973},
    publisher={JSTOR}
}

@ARTICLE{Banerjee:2005,
    title={Clustering with Bregman divergences},
    author={Banerjee, Arindam and Merugu, Srujana and Dhillon, {Inderjit S} and Ghosh, Joydeep},
    journal={Journal of machine learning research},
    volume={6},
    number={Oct},
    pages={1705--1749},
    year={2005}
}

@ARTICLE{Forster:2002,
    title={Relative expected instantaneous loss bounds},
    author={Forster, J{\"u}rgen and Warmuth, {Manfred K}},
    journal={Journal of Computer and System Sciences},
    volume={64},
    number={1},
    pages={76--102},
    year={2002},
    publisher={Elsevier}
}

@ARTICLE{Behrouz:2017,
    author={Behrouz, Babaki},
    title={COP-Kmeans version 1.5},
    month={jul},
    year={2017},
    doi={10.5281/zenodo.831850},
    url={https://doi.org/10.5281/zenodo.831850}
}

@ARTICLE{Metodos,
    author={Trabajo Colaborativo},
    title={Implementación de algunos métodos de clustering con restricciones en Matlab},
    year={2015},
    url={https://github.com/danyaljj/constrained_clustering}
}

@ARTICLE{MetodosPython,
    author={Germán González Almagro},
    title={Implementación de algunos métodos de clustering con restricciones en Python},
    year={2018},
    url={https://github.com/GermangUgr/TFG}
}
